@Electronic{facebook_deployment,
	title = {Exclusive: a behind-the-scenes look at Facebook release engineering},
	url = {http://arstechnica.com/business/2012/04/exclusive-a-behind-the-scenes-look-at-facebook-release-engineering/3/},
	year = {2012},
	month = {4},
	author = {Ryan Paul},
	note = {\\Letöltve: 2012. december 27.\\}
}
@Electronic{martin_fowler_cont_int,
	title = {Continuous Integration (original version)},
	url = {http://martinfowler.com/articles/originalContinuousIntegration.html},
	year = {2002},
	note = {\\Letöltve: 2012. december 25.\\}
}
@Electronic{github_deployment_windows,
	title = {How we ship GitHub for Windows},
	url = {https://github.com/blog/1271-how-we-ship-github-for-windows},
	year = {2012},
	month = {09},
	day = {24},
	note = {\\Letöltve: 2012. november 30.\\},
	author = {Adam Roben}
}
@Electronic{github_deployment_web,
	title = {Deploying at GitHub},
	author = {Jake Douglas},
	url = {https://github.com/blog/1241-deploying-at-github},
	year = {2012},
	month = {08},
	day = {29},
	note = {\\Letöltve: 2012. november 20.\\}
}

@Electronic{jenkins_ios_deployment,
	title = {Continuous Deployment of iOS Apps with Jenkins and TestFlight},
	url = {http://blog.shinetech.com/2011/06/23/ci-with-jenkins-for-ios-apps-build-distribution-via-testflightapp-tutorial/},
	author = {Shaun Ervine},
	year = {2011},
	month = {06},
	day = {23},
	note = {\\Letöltve: 2012. december 20.\\}
}

@Electronic{jenkins_android_deployment,
	title = {Building an Android App With Jenkins},
	url = {http://androiddevresources.com/blog/2012/04/01/building-an-android-app-with-jenkins/},
	author = {Steven Van Bael},
	year = {2012},
	month = {04},
	day = {01},
	note = {\\Letöltve: 2012. december 22.\\}
}

@Electronic{linkedin_mobile_deployment,
	title = {LinkedIn: Continuous Integration for Mobile},
	url = {http://engineering.linkedin.com/testing/continuous-integration-mobile},
	author = {Joseph Chow},
	year = {2012},
	note = {\\Letöltve: 2012. december 28.\\}
}

@book{tddjs,
	author={Christian Johansen},
	publisher={Pearson Education, Inc},
	pages = {27},
	title={{T}est-{D}riven {J}avaScript {D}evelopment},
	year={2011}
}
@book{tddjs_definition,
	author={Christian Johansen},
	publisher={Pearson Education, Inc},
	pages = {12},
	title={{T}est-{D}riven {J}avaScript {D}evelopment},
	year={2011}
}

@Electronic{google_chrome_autoupdate,
	title = {Google Chrome Installation and Updates},
	url = {http://blog.chromium.org/2009/01/google-chrome-installation-and-updates.html},
	author = {Rahul Kuchhal},
	year = {2009},
	month = {01},
	day = {16},
	note = {\\Letöltve: 2012. december 22.\\}
}
@Electronic{statcounter_browser,
	title = {Böngészők piaci részesedése},
	url = {http://gs.statcounter.com/#browser-ww-monthly-201112-201212},
	year = {2012},
	month = {12},
	note = {\\Letöltve: 2012. január 2.\\}
}

@misc{chrome_six_weeks,
	url = {http://blog.chromium.org/2010/07/release-early-release-often.html},
	year = {2010},
	author = {Anthony Laforge},
	title = {Release Early, Release Often},
	note = {\\Letöltve: 2012. március 1.\\}
}
@Electronic{chat_compare_hipchat,
	url = {https://www.hipchat.com/compare},
	title = {See how HipChat stacks up against the competition.},
	note = {\\Letöltve: 2015. március 2.}
}
@Electronic{chat_compare_campfire,
	url = {http://campfirenow.com/},
	note = {\\Letöltve: 2015. március 2.}
}
@Electronic{chat_compare_slack,
	url = {https://slack.com/},
	note = {\\Letöltve: 2015. március 2.}
}
@Electronic{chat_compare_grove,
	url = {https://grove.io/},
	note = {\\Letöltve: 2013. március 2.}
}
@Electronic{chat_compare_flowdock,
	url = {https://www.flowdock.com/tour},
	note = {\\Letöltve: 2013. március 2.}
}
@Electronic{web_hook,
	url = {http://progrium.com/blog/2007/05/03/web-hooks-to-revolutionize-the-web/},
	year = {2007},
	month = {05},
	day = {03},
	author = {Jeff Lindsay},
	title = {Web hooks to revolutionize the web},
	note = {\\Letöltve: 2013. április 2.}
}
@Electronic{being_on_call,
	url = {https://medium.com/@thematthewgreen/on-call-dont-be-scared-4eef4ff2928f},
	year = {2014},
	month = {12},
	day = {26},
	author = {Matthew Green},
	title = {On-call. Don't be scared.},
	note = {\\Letöltve: 2015. 03. 21.}
}
@Misc{chatops_at_github_rubyfaza,
	url = {https://www.youtube.com/watch?v=NST3u-GjjFw},
	year = {2013},
	month = {02},
	day = {07},
	author = {Jesse Newland},
	title = {ChatOps at GitHub},
	note = {\\Letöltve: 2015. 03. 21.}
}
@Electronic{devops_killing_developer,
	url = {http://jeffknupp.com/blog/2014/04/15/how-devops-is-killing-the-developer/},
	year = {2014},
	month = {04},
	day = {15},
	author = {Jeff Knupp},
	title = {How 'DevOps' is Killing the Developer},
	note = {\\Letöltve: 2015. 03. 22.}
}
@Electronic{agile_admin,
	url = {http://theagileadmin.com/what-is-devops/},
	author = {Ernest Mueller},
	title = {What Is DevOps?},
	note = {\\Letöltve: 2015. 03. 28.}
}
@Electronic{what_is_chatops_slideshow,
	url = {https://speakerdeck.com/jnewland/chatops-at-github},
	author = {Jesse Newland},
	title = {ChatOps at GitHub},
	year = {2013},
	month = {02},
	day = {07},
	note = {\\Letöltve: 2015. 04. 18.}
}
@Electronic{github_product_team, 
	url = {https://github.com/holman/feedback/issues/597#issuecomment-58710920},
	author = {Zach Holman},
	title = {How many .com teams does GitHub have?},
	year = {2014},
	month = {10},
	day = {04},
	note = {\\Letöltve: 2015. 04. 18.}
}
@Electronic{github_feature_flag,
	url = {https://github.com/holman/feedback/issues/519#issuecomment-38099365},
	author = {Zach Holman},
	title = {How do you avoid the merge master trap},
	year = {2014},
	month = {03},
	day = {19},
	note = {\\Letöltve: 2015. 04. 19.}
}
@Electronic{github_lifecycle_of_an_outage,
	url = {https://speakerdeck.com/jssjr/the-lifecycle-of-an-outage},
	author = {Scott Sanders},
	title = {The Lifecycle of an Outage},
	year = {2014},
	month = {05},
	day = {06},
	note = {\\Letöltve: 2015. 04. 19.}
}
@misc{uk_gov_build_api,
	url = {https://www.gov.uk/service-manual/making-software/apis.html},
	title = {Government Service Design Manual. APIs - Using and creating Application Programming Interfaces},
	note = {\\Letöltve: 2015. 04. 25.}
}
@Electronic{keep_a_changelog,
	url = {http://keepachangelog.com/},
	title = {Keep a CHANGELOG},
	note = {\\Letöltve: 2015. 04. 26.}
}
@Electronic{blameless_post_mortem,
	url = {https://codeascraft.com/2012/05/22/blameless-postmortems/},
	title = {Blameless PostMortems and a Just Culture},
	author = {John Allspaw},
	year = {2012},
	month = {05},
	day = {22},
	note = {\\Letöltve: 2015. 04. 26.}
}